@book{test, 
    author = {LÃ¸veseter, Jan Olav},
    title = {The Best Book},
    year = 2010,
    publisher = {Olav Publishing}
    }